<record><leader>00000cas a22000007a 4500</leader><controlfield tag="001">18885504</controlfield><controlfield tag="008">881212d18981899moucr ne      0    0eng d</controlfield><datafield ind1=" " ind2=" " tag="010"><subfield code="a">sn 88068020 </subfield></datafield><datafield ind1=" " ind2=" " tag="040"><subfield code="a">MQN</subfield><subfield code="b">eng</subfield><subfield code="c">MQN</subfield><subfield code="d">OCLCQ</subfield></datafield><datafield ind1=" " ind2=" " tag="042"><subfield code="a">msc</subfield></datafield><datafield ind1="0" ind2=" " tag="130"><subfield code="a">Fulton telegraph (Fulton, Mo. : 1898)</subfield></datafield><datafield ind1="1" ind2="0" tag="245"><subfield code="a">Fulton telegraph.</subfield></datafield><datafield ind1=" " ind2=" " tag="260"><subfield code="a">Fulton, Mo. :</subfield><subfield code="b">J.B. Williams &amp; Co.,</subfield><subfield code="c">1898-1899.</subfield></datafield><datafield ind1=" " ind2=" " tag="300"><subfield code="a">v.</subfield></datafield><datafield ind1=" " ind2=" " tag="310"><subfield code="a">Semiweekly</subfield></datafield><datafield ind1="0" ind2=" " tag="362"><subfield code="a">Vol. 53, no. 5 (Jan. 5, 1898)-v. 54, no. 23 1/2 (May 9, 1899).</subfield></datafield><datafield ind1=" " ind2=" " tag="515"><subfield code="a">First issue in the week has vol. and no. designation; second issue has the same designation plus the designation "1/2."</subfield></datafield><datafield ind1=" " ind2="4" tag="651"><subfield code="a">Fulton (Mo.)</subfield><subfield code="v">Newspapers.</subfield></datafield><datafield ind1=" " ind2=" " tag="752"><subfield code="a">United States</subfield><subfield code="b">Missouri</subfield><subfield code="c">Callaway</subfield><subfield code="d">Fulton.</subfield></datafield><datafield ind1="0" ind2="0" tag="780"><subfield code="t">Fulton weekly telegraph</subfield><subfield code="w">(DLC)sn 88068015</subfield></datafield><datafield ind1="0" ind2="0" tag="785"><subfield code="t">Missouri telegraph (Fulton, Mo. : 1899)</subfield><subfield code="w">(DLC)sn 88068019</subfield></datafield><datafield ind1="1" ind2=" " tag="029"><subfield code="a">AU@</subfield><subfield code="b">000020566664</subfield></datafield></record>